<record><leader>00000cas a22000007a 4500</leader><controlfield tag="001">10242956</controlfield><controlfield tag="008">831221d19791982mtuwr ne      0    0eng d</controlfield><datafield ind1=" " ind2=" " tag="010"><subfield code="a">sn 83047010 </subfield></datafield><datafield ind1=" " ind2=" " tag="040"><subfield code="a">MTL</subfield><subfield code="b">eng</subfield><subfield code="c">MTL</subfield><subfield code="d">OCLCQ</subfield></datafield><datafield ind1=" " ind2=" " tag="042"><subfield code="a">msc</subfield></datafield><datafield ind1="0" ind2="4" tag="245"><subfield code="a">The Absarokee sun.</subfield></datafield><datafield ind1=" " ind2=" " tag="260"><subfield code="a">Absarokee, Mont. :</subfield><subfield code="b">W. Burkhart, D. Burkhart,</subfield><subfield code="c">1979-1982.</subfield></datafield><datafield ind1=" " ind2=" " tag="300"><subfield code="a">3 v. :</subfield><subfield code="b">ill. ;</subfield><subfield code="c">44 cm.</subfield></datafield><datafield ind1=" " ind2=" " tag="310"><subfield code="a">Weekly</subfield></datafield><datafield ind1="0" ind2=" " tag="362"><subfield code="a">Vol. 58, no. 47 (Nov. 22, 1979)-v. 61, no. 7 (Feb. 11, 1982).</subfield></datafield><datafield ind1=" " ind2=" " tag="500"><subfield code="a">Publisher varies.</subfield></datafield><datafield ind1=" " ind2=" " tag="525"><subfield code="a">Supplements accompany some issues.</subfield></datafield><datafield ind1=" " ind2=" " tag="530"><subfield code="a">Available on microfilm from the Montana Historical Society.</subfield></datafield><datafield ind1=" " ind2=" " tag="752"><subfield code="a">United States</subfield><subfield code="b">Montana</subfield><subfield code="c">Stillwater</subfield><subfield code="d">Absarokee.</subfield></datafield><datafield ind1="0" ind2="0" tag="780"><subfield code="t">Absaroka sun</subfield><subfield code="w">(OCoLC)10242944</subfield></datafield><datafield ind1="0" ind2="0" tag="785"><subfield code="t">Sun (Absarokee, Mont.)</subfield><subfield code="w">(OCoLC)10242973</subfield></datafield></record>